@comment{x-kbibtex-personnameformatting=<%f ><%l><, %s>}

% This file was created with JabRef 2.10.
% Encoding: UTF-8

@Book{Eckert2014,
  Title                    = {{IT-Sicherheit: Konzepte - Verfahren - Protokolle}},
  Author                   = {Claudia Eckert},
  Publisher                = {De Gruyter Oldenbourg},
  Year                     = {2014},
  Edition                  = {9},
  Series                   = {{De Gruyter Studium}},
  ISBN                     = {978-3486778489}
}